Untuk setiap referensi, baris pertama (newton1687) merupakan label dan baris-baris berikutnya
merupakan atribut dari referensi yang akan digunakan. Umumnya, format referensi berikut sudah
disediakan oleh penyedia sumber referensi secara online dan bisa langsung ditaruh di sini.

Lihat https://www.bibtex.com/g/bibtex-format/ untuk informasi lebih lanjut mengenai format
BibTex yang digunakan pada file ini.


@online{bps2023,
  author = {Badan Pusat Statistik},
  title = {Jumlah Kendaraan Bermotor Menurut Provinsi dan Jenis Kendaraan (unit)},
  year = {2023},
  url = {https://www.bps.go.id/id/statistics-table/3/VjJ3NGRGa3dkRk5MTlU1bVNFOTVVbmQyVURSTVFUMDkjMw==/jumlah-kendaraan-bermotor-menurut-provinsi-dan-jenis-kendaraan--unit---2022.html?year=2023},
  urldate = {2024-09-16},
  note = {Accessed: 16 September 2024},
  month = sep,
  day = 16
}

@article{odol2020,
  author = {Oktarinda, E and Prihutomo, N and Maulani, E},
  journal = {Construction and Material Journal},
  number = {1},
  title = {ANALISIS PENGARUH KENDARAAN \emph{ODOL} TERHADAP TINGKAT KECELAKAAN DI JALAN TOL},
  volume = {2},
  year = {2020}
}

@online{hubdat2024,
  author = {Kementerian Perhubungan Ditjen Hubdat},
  title = {Ditjen Hubdat Gelar FGD Transformasi Digital Dalam Pengawasan Kendaraan ODOL},
  year = {2024},
  url = {https://hubdat.dephub.go.id/id/publikasi/ditjen-hubdat-gelar-fgd-transformasi-digital-dalam-pengawasan-kendaraan-odol/},
  urldate = {2024-10-13},
  note = {Accessed: 13 October 2024},
  month = oct,
  day = 13
}


@article{prismadika2023,
  author = {Putra, Prismadika Yunia and Arifianto, Aji Seto and Fitri, Zilvanhisna Emka and Puspitasari, Trismayanti Dwi},
  journal = {Jurnal Informatika Polinema},
  number = {2},
  title = {DETEKSI KENDARAAN TRUK PADA VIDEO MENGGUNAKAN METODE TINY-YOLO V4},
  volume = {9},
  year = {2023}
}

@mastersthesis{hamayan2024,
  author = {Nabih, Ahmad Hamayan},
  school = {Institut Teknologi Sepuluh Nopember},
  title = {Sistem Deteksi Kendaraan Overdimension secara Real-time Menggunakan Deep Learning di Jalan Raya},
  year = {2024},
  type = {Undergraduate thesis}
}

@article{dolly2023,
  author = {Indra, Dolly and Herman and Budi, Firman Shantya},
  journal = {Komputika: Jurnal Sistem Komputer},
  number = {1},
  title = {Implementasi Sistem Penghitung Kendaraan Otomatis Berbasis Computer Vision},
  volume = {12},
  year = {2023}
}

@article{rosenblatt1958perceptron,
  title={The perceptron: A probabilistic model for information storage and organization in the brain},
  author={Rosenblatt, Frank},
  journal={Psychological Review},
  volume={65},
  number={6},
  pages={386},
  year={1958},
  publisher={American Psychological Association}
}


@article{yannlecun1998,
  title={Gradient-based learning applied to document recognition},
  author={LeCun, Yann and Bottou, L{\'e}on and Bengio, Yoshua and Haffner, Patrick},
  journal={Proceedings of the IEEE},
  volume={86},
  number={11},
  pages={2278--2324},
  year={1998},
  publisher={IEEE}
}

@article{kaiminghe2015,
  title={Deep residual learning for image recognition},
  author={He, Kaiming and Zhang, Xiangyu and Ren, Shaoqing and Sun, Jian},
  journal={Proceedings of the IEEE conference on computer vision and pattern recognition},
  pages={770--778},
  year={2015},
}

@article{ioffe2015,
  title={Batch normalization: Accelerating deep network training by reducing internal covariate shift},
  author={Ioffe, Sergey and Szegedy, Christian},
  journal={arXiv preprint arXiv:1502.03167},
  year={2015}
}

@article{szegedy2015,
  title={Going deeper with convolutions},
  author={Szegedy, Christian and Liu, Wei and Jia, Yangqing and others},
  journal={Proceedings of the IEEE conference on computer vision and pattern recognition},
  pages={1--9},
  year={2015}
}

@article{liu2016,
  author = {Liu, Wei and Anguelov, Dragomir and Erhan, Dumitru and Szegedy, Christian and Reed, Scott and Fu, Cheng-Yang and Berg, Alexander C},
  journal = {arXiv preprint arXiv:1606.02228},
  number = {2},
  title = {SSD: Single Shot MultiBox Detector},
  volume = {9905},
  year = {2016}
}

@online{aws2024,
  author = {Amazon Web Services},
  title = {Apa itu Komputasi Edge?},
  year = {2024},
  url = {https://aws.amazon.com/id/what-is/edge-computing/},
  note = {Accessed: 3 December 2024},
  month = dec,
  day = 3
}

@online{google2024,
  author = {Google},
  title = {Flutter - Build Apps for Any Screen},
  year = {2024},
  url = {https://flutter.dev/},
  note = {Accessed: 4 December 2024},
  month = dec,
  day = 3
}

@misc{nvidiaJetsonNano,
  author = {{NVIDIA}},
  title = {Jetson Nano},
  year = {2024},
  howpublished = {\url{https://www.nvidia.com/en-us/autonomous-machines/embedded-systems/jetson-nano/}},
  note = {Accessed: 17 Dec 2024}
}

@misc{beelinkGeminiT34,
  author = {Juragantablet},
  howpublished = {\url{https://tokopedia.link/se5YnR9woPb}},
  title = {Mini PC Beelink Gemini T34 8/256GB SSD Windows 10 WIFI HDMI 4K USB 3.0},
  year = {2024},
  note = {Accessed: 17 Dec 2024}
}

@INPROCEEDINGS{mqtts2008,
  author={Hunkeler, Urs and Truong, Hong Linh and Stanford-Clark, Andy},
  booktitle={2008 3rd International Conference on Communication Systems Software and Middleware and Workshops (COMSWARE '08)}, 
  title={MQTT-S — A publish/subscribe protocol for Wireless Sensor Networks}, 
  year={2008},
  volume={},
  number={},
  pages={791-798},
  keywords={Wireless application protocol;Wireless sensor networks;Actuators;Testing;Laboratories;Distributed computing;Sensor systems and applications;Transport protocols;Telemetry;Automation},
  doi={10.1109/COMSWA.2008.4554519}
}

@inproceedings{restapi2016,
  author = {Rodriguez, Carlos and Baez, Marcos and Daniel, Florian and Casati, Fabio and Trabucco, Juan and Canali, Luigi and Percannella, Gianraffaele},
  year = {2016},
  month = {06},
  pages = {21-39},
  title = {REST APIs: A Large-Scale Analysis of Compliance with Principles and Best Practices},
  isbn = {978-3-319-38790-1},
  doi = {10.1007/978-3-319-38791-8_2}
}

@article{mursita2015,
  title={RESPON TUNARUNGU TERHADAP PENGGUNAAN SISTEM BAHASA ISYARAT INDONESA (SIBI) DAN BAHASA ISYARAT INDONESIA (BISINDO) DALAM KOMUNIKASI},
  author={R. A. Mursita},
  journal={INKLUSI},
  volume={2},
  number={2},
  pages={221--232},
  year={2015},
  month={11}
}

@article{putri2022,
  author = {Putri, H. M. and Fadlisyah, F. and Fuadi, W.},
  title = {Pendeteksian Bahasa Isyarat Indonesia Secara Real-Time Menggunakan Long Short-Term Memory (LSTM)},
  journal = {Jurnal Teknologi Terapan and Sains 4.0},
  year = {2022},
  volume = {3},
  number = {1},
  pages = {663--675}
}

@inproceedings{sadli2020,
  author = {Sadli, M. and Fuadi, W. and Pahendra, I.},
  title = {Electrical Peak Load Forecasting Using Long Short Term Memory and Support Vector Machine},
  booktitle = {IOP Conference Series: Materials Science and Engineering},
  year = {2020},
  volume = {725},
  number = {1},
  pages = {012060},
  publisher = {IOP Publishing}
}

@book{hallahan2009,
  author = {Hallahan, D. P. and Kauffman, J. and Pullen, P.},
  title = {Exceptional Learners: An Introduction to Special Education},
  publisher = {Pearson},
  year = {2009},
  address = {USA}
}

@book{somantri2006,
  author = {Somantri, T. and Sutjihati},
  title = {Psikologi Anak Luar Biasa},
  publisher = {PT Refika Aditama},
  year = {2006},
  address = {Bandung}
}

@inproceedings{pienaar2019,
  author = {Pienaar, Schalk Wilhelm and Malekian, R.},
  title = {Human Activity Recognition using LSTM-RNN Deep Neural Network Architecture},
  booktitle = {2019 IEEE 2nd Wireless Africa Conference (WAC)},
  year = {2019},
  pages = {1--5},
  doi = {10.1109/AFRICA.2019.8843403}
}

@inproceedings{wedayanti2019,
  author = {Wedayanti, N. P. L.},
  title = {Teman Tuli Diantara SIBI dan BISINDO},
  booktitle = {Seminar Riset Linguistik Pengajaran Bahasa},
  year = {2019}
}

@book{winarsih2007,
  author = {Winarsih, Murni},
  title = {Intervensi Dini Bagi Anak Tunarungu dalam Pemerolehan Bahasa},
  publisher = {Departemen Pendidikan dan Kebudayaan},
  year = {2007},
  address = {Jakarta}
}

@article{xia2020,
  author={Xia, Kun and Huang, Jianguang and Wang, Hanyu},
  journal={IEEE Access}, 
  title={LSTM-CNN Architecture for Human Activity Recognition}, 
  year={2020},
  volume={8},
  number={},
  pages={56855-56866},
  doi={10.1109/ACCESS.2020.2982225}}


@article{van2020,
  title={A review on the long short-term memory model},
  author={Van Houdt, Greg and Mosquera, Carlos and N{\'a}poles, Gonzalo},
  journal={Artificial Intelligence Review},
  volume={53},
  pages={5929--5955},
  year={2020},
  publisher={Springer}
}

@article{Deng2016,
  author    = {Deng, X. and Liu, Q. and Deng, Y. and Mahadevan, S.},
  title     = {An improved method to construct basic probability assignment based on the confusion matrix for classification problem},
  journal   = {Information Sciences},
  volume    = {340-341},
  pages     = {250–261},
  year      = {2016},
  doi       = {10.1016/j.ins.2016.01.033},
}

@article{OvalleMagallanes2020,
  author    = {Ovalle-Magallanes, E. and Avina-Cervantes, J. G. and Cruz-Aceves, I. and Ruiz-Pinales, J.},
  title     = {Transfer learning for stenosis detection in x-ray coronary angiography},
  journal   = {Mathematics},
  volume    = {8},
  number    = {9},
  url       = {https://www.mdpi.com/2227-7390/8/9/1510},
  year      = {2020},
}

@inproceedings{Mutegeki2020,
  author    = {Mutegeki, Ronald and Han, D.},
  title     = {A CNN-LSTM Approach to Human Activity Recognition},
  booktitle = {2020 International Conference on Artificial Intelligence in Information and Communication (ICAIIC)},
  year      = {2020},
  pages     = {362-366},
  doi       = {10.1109/ICAIIC48513.2020.9065078},
}

@article{deng2016,
  title={An improved method to construct basic probability assignment based on the confusion matrix for classification problem},
  author={Deng, Xinyang and Liu, Qi and Deng, Yong and Mahadevan, Sankaran},
  journal={Information Sciences},
  volume={340},
  pages={250--261},
  year={2016},
  publisher={Elsevier}
}

@article{shajihan2020,
  title={Classification of stages of Diabetic Retinopathy using Deep Learning},
  author={Shajihan, Nimmisha},
  journal={Bournemouth University United Kingdom},
  year={2020}
}

@misc{minny2023,
	author = {Minny Head},
	title = {What Is Mini Pc},
	howpublished = {\url{https://robots.net/tech/what-is-mini-pc/}},
	year = {2023},
	note = {[Accessed 03-05-2024]},
}

@misc{IntelNUC2020,
  author = "{Intel Corporation}",
  title = "{Intel\textregistered~ NUC Kit DCCP847DYE Product Specifications}",
  howpublished = "\url{https://ark.intel.com}",
  year = 2020,
  note = "[Online; accessed 7-December-2020]"
}

@article{Halfacree2013,
  author = {Gareth Halfacree},
  title = {Intel's Next Unit of Computing},
  journal = {Custom PC},
  publisher = {Dennis Publishing},
  pages = {14--15},
  number = {116},
  month = mar,
  year = {2013}
}

@misc{ASUS2024,
  author = "{ASUS Corporation}",
  title = "{NUC 11 Performance Kit Technical Specifications}",
  howpublished = "\url{https://www.asus.com/displays-desktops/nucs/nuc-kits/nuc-11-performance-kit/techspec/}",
  note = "[Online; accessed 5-May-2024]",
  year = 2024
}

@article{Singh2020,
author = {Singh, Amritpal and Saimbhi, Amanpreet and Singh, Navjot and Mittal, Mamta},
year = {2020},
month = {06},
pages = {},
title = {DeepFake Video Detection: A Time-Distributed Approach},
volume = {1},
journal = {SN Computer Science},
doi = {10.1007/s42979-020-00225-9}
}


